@book{CP10,
  author    = {Dinh Nguyen Khoi},
  title     = {Competitive Programming 10},
  year      = {2023},
  publisher = {drive}
}

@online{cp-algorithms,
  title   = {CP-Algorithms},
  url     = {https://cp-algorithms.com/},
  urldate = {2025-08-26}
}

@online{VNOI-WIKI,
  title   = {VNOI Wiki},
  url     = {https://wiki.vnoi.info/},
  urldate = {2025-08-26}
}
